@ARTICLE{flickr:cameras,
	TITLE = "http://www.flickr.com/cameras/",
    MONTH = "October",
	YEAR = {2011}	}

@ARTICLE{exif:standard,
	TITLE = "http://www.exif.org/specifications.html",
}


@ARTICLE{upcoming:api,
	TITLE = "http://upcoming.yahoo.com/services/api/"
}

@ARTICLE{instagram:stats,
    TITLE = "http://techcrunch.com/2011/08/03/instagram-150-million/"
}

@ARTICLE{picasaweb,
	TITLE = "https://picasaweb.google.com/home"
}

@ARTICLE{iphoto,
	TITLE = "http://www.apple.com/ilife/iphoto/"
}

@ARTICLE{facebook:stats,
	TITLE = "http://www.facebook.com/press/info.php?statistics"
}
@inproceedings{ringel2003milestones,
  title={Milestones in time: The value of landmarks in retrieving 
           information from personal stores},
  author={Ringel, M. and Cutrell, E. and Dumais, S. and Horvitz, E.},
  booktitle={Human-computer interaction: INTERACT'03; IFIP TC13 International Conference on Human-Computer Interaction, 1st-5th September 2003, Zurich, Switzerland},
  year={2003},
  organization={Ios Pr Inc}
}

@article{sawant2011automatic,
  title={Automatic image semantic interpretation using social action and tagging data},
  author={Sawant, N. and Li, J. and Wang, J.Z.},
  journal={Multimedia Tools and Applications},
  year={2011},
  publisher={Springer}
}


@article{mathes2004folksonomies,
  title={Folksonomies-cooperative classification and communication through shared metadata},
  author={Mathes, A.},
  journal={Computer Mediated Communication},
  volume={47},
  number={10},
  year={2004},
  publisher={December 2004}
}


@inproceedings{van2004social,
  title={From ``what?" to ``why?": the social uses of personal photos},
  author={Van House, N. and Davis, M. and Takhteyev, Y. and Good, N. and Wilhelm, A. and Finn, M.},
  booktitle={Proceedings of the CSCW'04},
  year={2004},
  organization={Citeseer}
}

@phdthesis{naaman2005leveraging,
  title={Leveraging geo-referenced digital photographs},
  author={Naaman, M.},
  year={2005},
  school={Citeseer}
}

@inproceedings{naaman2005identity,
  title={Leveraging context to resolve identity in photo albums},
  author={Naaman, M. and Yeh, R.B. and Garcia-Molina, H. and Paepcke, A.},
  booktitle={Digital Libraries, 2005. JCDL'05. Proceedings of the 5th ACM/IEEE-CS Joint Conference on},
  year={2005},
  organization={IEEE}
}

@article{rattenbury2009methods,
  title={Methods for extracting place semantics from Flickr tags},
  author={Rattenbury, T. and Naaman, M.},
  journal={ACM Transactions on the Web (TWEB)},
  volume={3},
  number={1},
  year={2009},
  publisher={ACM}
}

@inproceedings{ames2007we,
  title={Why we tag: motivations for annotation in mobile and online media},
  author={Ames, M. and Naaman, M.},
  booktitle={Proceedings of the SIGCHI conference on Human factors in computing systems},
  year={2007},
  organization={ACM}
}

@inproceedings{frohlich2002requirements,
  title={Requirements for photoware},
  author={Frohlich, D. and Kuchinsky, A. and Pering, C. and Don, A. and Ariss, S.},
  booktitle={Proceedings of the 2002 ACM conference on Computer supported cooperative work},
  year={2002},
  organization={ACM}
}

@inproceedings{jain2010content,
  title={Content without context is meaningless},
  author={Jain, R. and Sinha, P.},
  booktitle={Proceedings of the international conference on Multimedia},
  year={2010},
  organization={ACM}
}

@article{datta2008image,
  title={Image retrieval: Ideas, influences, and trends of the new age},
  author={Datta, R. and Joshi, D. and Li, J. and Wang, J.Z.},
  journal={ACM Computing Surveys (CSUR)},
  volume={40},
  number={2},
  year={2008},
  publisher={ACM}
}

@article{rafatiradcomposing,
  title={Composing Events},
  author={Rafatirad, S. and Gupta, A. and Jain, R.}
}


@inproceedings{miller2000novel,
  title={A novel use of statistical parsing to extract information from text},
  author={Miller, S. and Fox, H. and Ramshaw, L. and Weischedel, R.},
  booktitle={Proceedings of the 1st North American chapter of the Association for Computational Linguistics conference},
  year={2000},
  organization={Morgan Kaufmann Publishers Inc.}
}

@article{westermann2007toward,
  title={Toward a common event model for multimedia applications},
  author={Westermann, U. and Jain, R.},
  journal={Multimedia, IEEE},
  volume={14},
  number={1},
  year={2007},
  publisher={IEEE}
}

@article{conway2000construction,
  title={The construction of autobiographical memories in the self-memory system.},
  author={Conway, M.A. and Pleydell-Pearce, C.W.},
  journal={Psychological Review},
  volume={107},
  number={2},
  year={2000},
  publisher={American Psychological Association}
}

@article{gupta2011managing,
  title={Managing Event Information: Modeling, Retrieval, and Applications},
  author={Gupta, A. and Jain, R.},
  journal={Synthesis Lectures on Data Management},
  volume={3},
  number={4},
  year={2011},
  publisher={Morgan \& Claypool Publishers}
}

@inproceedings{gemmell2002mylifebits,
  title={MyLifeBits: fulfilling the Memex vision},
  author={Gemmell, J. and Bell, G. and Lueder, R. and Drucker, S. and Wong, C.},
  booktitle={Proceedings of the tenth ACM international conference on Multimedia},
  year={2002},
  organization={ACM}
}

@inproceedings{dumais2003stuff,
  title={Stuff I've seen: a system for personal information retrieval and re-use},
  author={Dumais, S. and Cutrell, E. and Cadiz, J.J. and Jancke, G. and Sarin, R. and Robbins, D.C.},
  booktitle={Proceedings of the 26th annual international ACM SIGIR conference on Research and development in informaion retrieval},
  year={2003},
  organization={ACM}
}

@inproceedings{xiao2010sun,
  title={Sun database: Large-scale scene recognition from abbey to zoo},
  author={Xiao, J. and Hays, J. and Ehinger, K.A. and Oliva, A. and Torralba, A.},
  booktitle={Computer vision and pattern recognition (CVPR), 2010 IEEE conference on},
  year={2010},
  organization={IEEE}
}

@inproceedings{dalal2005histograms,
  title={Histograms of oriented gradients for human detection},
  author={Dalal, N. and Triggs, B.},
  booktitle={Computer Vision and Pattern Recognition, 2005. CVPR 2005. IEEE Computer Society Conference on},
  volume={1},
  year={2005},
  organization={Ieee}
}

@article{shakhnarovich2011face,
  title={Face recognition in subspaces},
  author={Shakhnarovich, G. and Moghaddam, B.},
  journal={Handbook of Face Recognition},
  year={2011},
  publisher={Springer}
}

@inproceedings{hays2008im2gps,
  title={IM2GPS: estimating geographic information from a single image},
  author={Hays, J. and Efros, A.A.},
  booktitle={Computer Vision and Pattern Recognition, 2008. CVPR 2008. IEEE Conference on},
  year={2008},
  organization={Ieee}
}

@inproceedings{barthelmess2007toward,
  title={Toward content-aware multimodal tagging of personal photo collections},
  author={Barthelmess, P. and Kaiser, E. and McGee, D.R.},
  booktitle={Proceedings of the 9th international conference on Multimodal interfaces},
  year={2007},
  organization={ACM}
}



@inproceedings{pedronette2011exploiting,
  title={Exploiting contextual spaces for image re-ranking and rank aggregation},
  author={Pedronette, D.C.G. and Torres, R.S.},
  booktitle={Proceedings of the 1st ACM International Conference on Multimedia Retrieval},
  year={2011},
  organization={ACM}
}

@article{chen2000survey,
  title={A survey of context-aware mobile computing research},
  author={Chen, G. and Kotz, D.},
  year={2000},
  publisher={Technical Report TR2000-381, Dept. of Computer Science, Dartmouth College}
}

@article{o2009context,
  title={Context-aware person identification in personal photo collections},
  author={O'Hare, N. and Smeaton, A.F.},
  journal={Multimedia, IEEE Transactions on},
  volume={11},
  number={2},
  year={2009},
  publisher={IEEE}
}

@inproceedings{monaghan2006automating,
  title={Automating photo annotation using services and ontologies},
  author={Monaghan, F. and O'Sullivan, D.},
  booktitle={Mobile Data Management, 2006. MDM 2006. 7th International Conference on},
  year={2006},
  organization={IEEE}
}

@article{nowack2006confoto,
  title={CONFOTO: Browsing and annotating conference photos on the Semantic web},
  author={Nowack, B.},
  journal={Web Semantics: Science, Services and Agents on the World Wide Web},
  volume={4},
  number={4},
  year={2006},
  publisher={Elsevier}
}

@inproceedings{sinha2011effective,
  title={Effective summarization of large collections of personal photos},
  author={Sinha, P. and Mehrotra, S. and Jain, R.},
  booktitle={Proceedings of the 20th international conference companion on World wide web},
  year={2011},
  organization={ACM}
}

@inproceedings{santini1998beyond,
  title={Beyond query by example},
  author={Santini, S. and Jain, R.},
  booktitle={Proceedings of the sixth ACM international conference on Multimedia},
  year={1998},
  organization={ACM}
}

@article{diakopoulos2007photoplay,
  title={Photoplay: A collocated collaborative photo tagging game on a horizontal display},
  author={Diakopoulos, N. and Chiu, P.},
  journal={preprint},
  year={2007}
}

@inproceedings{gupta2009medialife,
  title={Medialife: from images to a life chronicle},
  author={Gupta, A. and Rafatirad, S. and Gao, M. and Jain, R.},
  booktitle={Proceedings of the 35th SIGMOD international conference on Management of data},
  year={2009},
  organization={ACM}
}

@inproceedings{graham2002time,
  title={Time as essence for photo browsing through personal digital libraries},
  author={Graham, A. and Garcia-Molina, H. and Paepcke, A. and Winograd, T.},
  booktitle={Proceedings of the 2nd ACM/IEEE-CS joint conference on Digital libraries},
  year={2002},
  organization={ACM}
}

@inproceedings{naaman2004context,
  title={Context data in geo-referenced digital photo collections},
  author={Naaman, M. and Harada, S. and Wang, Q.Y. and Garcia-Molina, H. and Paepcke, A.},
  booktitle={Proceedings of the 12th annual ACM international conference on Multimedia},
  year={2004},
  organization={ACM}
}

@inproceedings{naaman2004automatic,
  title={Automatic organization for digital photographs with geographic coordinates},
  author={Naaman, M. and Song, Y.J. and Paepcke, A. and Garcia-Molina, H.},
  booktitle={Digital Libraries, 2004. Proceedings of the 2004 Joint ACM/IEEE Conference on},
  year={2004},
  organization={IEEE}
}


@inproceedings{cao2008annotating,
  title={Annotating photo collections by label propagation according to multiple similarity cues},
  author={Cao, L. and Luo, J. and Huang, T.S.},
  booktitle={Proceeding of the 16th ACM international conference on Multimedia},
  year={2008},
  organization={ACM}
}

@article{boutell2005beyond,
  title={Beyond pixels: Exploiting camera metadata for photo classification},
  author={Boutell, M. and Luo, J.},
  journal={Pattern recognition},
  volume={38},
  number={6},
  year={2005},
  publisher={Elsevier}
}

@inproceedings{boutell2004photo,
  title={Photo classification by integrating image content and camera metadata},
  author={Boutell, M. and Luo, J.},
  booktitle={Pattern Recognition, 2004. ICPR 2004. Proceedings of the 17th International Conference on},
  volume={4},
  year={2004},
  organization={IEEE}
}

@inproceedings{cao2008eventscene,
  title={Annotating collections of photos using hierarchical event and scene models},
  author={Cao, L. and Luo, J. and Kautz, H. and Huang, T.S.},
  booktitle={Computer Vision and Pattern Recognition, 2008. CVPR 2008. IEEE Conference on},
  year={2008},
  organization={IEEE}
}


@inproceedings{rafatirad2009event,
  title={Event composition operators: ECO},
  author={Rafatirad, S. and Gupta, A. and Jain, R.},
  booktitle={Proceedings of the 1st ACM international workshop on Events in multimedia},
  year={2009},
  organization={ACM}
}


@article{wolter2000spatio,
  title={Spatio-temporal representation and reasoning based on RCC-8},
  author={Wolter, F. and Zakharyaschev, M.},
  journal={KR2000: Principles of Knowledge Representation and Reasoning},
  year={2000},
  publisher={Citeseer}
}

@inproceedings{hailpern2011youpivot,
  title={YouPivot: improving recall with contextual search},
  author={Hailpern, J. and Jitkoff, N. and Warr, A. and Karahalios, K. and Sesek, R. and Shkrob, N.},
  booktitle={Proceedings of the 2011 annual conference on Human factors in computing systems},
  year={2011},
  organization={ACM}
}

@InProceedings{nk_attribute_classifiers, 
author = {Neeraj Kumar and Alexander C. Berg and Peter N. Belhumeur and Shree. K. Nayar}, 
title ={Describable Visual Attributes for Face Verification and Image Search}, 
booktitle = {IEEE Transactions on Pattern Analysis and Machine Intelligence (PAMI), Special Issue on Real-World Face Recognition}, 
month = {Oct}, 
year = {2011} 
}

@InProceedings{facever_pami2010,
author = {Neeraj Kumar and Alexander C. Berg and Peter N. Belhumeur and Shree K. Nayar},
title = {Describable Visual Attributes for Face Verification and Image Search},
booktitle = {IEEE Transactions on Pattern Analysis and Machine Intelligence (PAMI)},
month = {October},
year = {2011}
}

@InProceedings{attribute_classifiers,
author = {N. Kumar and A. C. Berg and P. N. Belhumeur and S. K. Nayar},
title = {{A}ttribute and {S}imile {C}lassifiers for {F}ace {V}erification},
booktitle = {IEEE International Conference on Computer Vision (ICCV)},
month = {Oct},
year = {2009}
}


@article{turk1991eigenfaces,
  title={Eigenfaces for recognition},
  author={Turk, M. and Pentland, A.},
  journal={Journal of cognitive neuroscience},
  volume={3},
  number={1},
  year={1991},
  publisher={MIT Press}
}

@article{belhumeur1997eigenfaces,
  title={Eigenfaces vs. fisherfaces: Recognition using class specific linear projection},
  author={Belhumeur, P.N. and Hespanha, J.P. and Kriegman, D.J.},
  journal={Pattern Analysis and Machine Intelligence, IEEE Transactions on},
  volume={19},
  number={7},
  year={1997},
  publisher={IEEE}
}

@article{ahonen2006face,
  title={Face description with local binary patterns: Application to face recognition},
  author={Ahonen, T. and Hadid, A. and Pietikainen, M.},
  journal={Pattern Analysis and Machine Intelligence, IEEE Transactions on},
  volume={28},
  number={12},
  year={2006},
  publisher={IEEE}
}

@article{ilyas2008survey,
  title={A survey of top-k query processing techniques in relational database systems},
  author={Ilyas, I.F. and Beskales, G. and Soliman, M.A.},
  journal={ACM Computing Surveys (CSUR)},
  volume={40},
  number={4},
  year={2008},
  publisher={ACM}
}

@inproceedings{stone2008autotagging,
  title={Autotagging facebook: Social network context improves photo annotation},
  author={Stone, Z. and Zickler, T. and Darrell, T.},
  booktitle={Computer Vision and Pattern Recognition Workshops, CVPRW'08.},
  year={2008},
  organization={IEEE}
}


@inproceedings{ranwez2006ontological,
  title={Ontological distance measures for information visualisation on conceptual maps},
  author={Ranwez, S. and Ranwez, V. and Villerd, J. and Crampes, M.},
  booktitle={On the Move to Meaningful Internet Systems 2006: OTM 2006 Workshops},
  pages={1050--1061},
  year={2006},
  organization={Springer}
}

@article{borodin2005ranking,
  title={Link analysis ranking: algorithms, theory, and experiments},
  author={Borodin, A. and Roberts, G.O. and Rosenthal, J.S. and Tsaparas, P.},
  journal={ACM Transactions on Internet Technology (TOIT)},
  year={2005},
  publisher={ACM}
}


@inproceedings{agrawal2008matching,
  title={Efficient pattern matching over event streams},
  author={Agrawal, J. and Diao, Y. and Gyllstrom, D. and Immerman, N.},
  booktitle={Proceedings of the 2008 ACM SIGMOD},
  year={2008},
  organization={ACM}
}


@book{li2011handbook,
  title={Handbook of face recognition},
  author={Li, S.Z. and Jain, A.K.},
  year={2011},
  publisher={Springer}
}
